
%%%-------------------------------Arrangement des références-------------------------------------
%%%--------------------------------------------------------------------------------------
%%%--------------------------------------------------------------------------------------

%% -------------------------------------------------------------Vu-------------- A

@article {Amann143,
	author = {Amann, R I and Ludwig, W and Schleifer, K H},
	title = {Phylogenetic identification and in situ detection of individual microbial cells without cultivation.},
	volume = {59},
	number = {1},
	pages = {143--169},
	year = {1995},
	publisher = {American Society for Microbiology Journals},
	issn = {0146-0749},
	URL = {https://mmbr.asm.org/content/59/1/143},
	eprint = {https://mmbr.asm.org/content/59/1/143.full.pdf},
	journal = {Microbiology and Molecular Biology Reviews}
}


@article{Altieri_1999,
title = "The ecological role of biodiversity in agroecosystems",
journal = "Agriculture, Ecosystems \& Environment",
volume = "74",
number = "1",
pages = "19--31",
year = "1999",
issn = "0167-8809",
OPTdoi = "https://doi.org/10.1016/S0167-8809(99)00028-6",
OPTurl = "http://www.sciencedirect.com/science/article/pii/S0167880999000286",
author = "Miguel A. Altieri",
keywords = "Agroecology, Antagonists, Biodiversity, Biological control, Organic farming, Sustainable agriculture, Traditional farming",
abstract = "Increasingly research suggests that the level of internal regulation of function in agroecosystems is largely dependent on the level of plant and animal biodiversity present. In agroecosystems, biodiversity performs a variety of ecological services beyond the production of food, including recycling of nutrients, regulation of microclimate and local hydrological processes, suppression of undesirable organisms and detoxification of noxious chemicals. In this paper the role of biodiversity in securing crop protection and soil fertility is explored in detail. It is argued that because biodiversity mediated renewal processes and ecological services are largely biological, their persistence depends upon the maintenance of biological integrity and diversity in agroecosystems. Various options of agroecosystem management and design that enhance functional biodiversity in crop fields are described."
}

@article{Anil_1998,
author = {Anil,L and Park, Julian and Phipps, Richard.H and Miller, F.A},
year = {1998},
month = {12},
pages = {301--317},
title = {{Temperate intercropping of cereals for forage: A review of the potential for growth and utilization with particular reference to the UK}},
volume = {53},
booktitle = {Grass and Forage Science}
}

@article{Anderson1981,
    author = {Anderson, Stephen},
    title = {Shotgun DNA sequencing using cloned DNase I-generated fragments},
    journal = {Nucleic Acids Research},
    volume = 9,
    number = 13,
    pages = {3015-3027},
    year = 1981,
    month = 07,
  abstract = {A method for DNA sequencing has been developed that utilises libraries of cloned randomly-fragmented DNA. The DNA to be sequenced is first subjected to limited attack by a non-specific endonuclease (DNase I in the presence of Mn++), fractionated by size and cloned in a single-stranded phage vector. Clones are then picked at random and used to provide a template for sequencing by the dideoxynucleotide chain termination method. This technique was used to sequence completely a 4257 bp EcoRI fragment of bovine mitochondrial DNA. The cloned fragments were evenly distributed with respect to the EcoRI fragment, and completion of the entire sequence required the construction of only a single library. In general, once a clone library has been prepared, the speed of this approach (\\&gt;1000 nucleotides of randomly selected sequence per day) is limited mainly by the rate at which the data can be processed. Because the clones are selected randomly, however, the average amount of new sequence information per clone is substantially diminished as the sequence nears completion.},
    issn = {0305-1048},
    doi = {10.1093/nar/9.13.3015},
    url = {https://doi.org/10.1093/nar/9.13.3015},
    eprint = {https://academic.oup.com/nar/article-pdf/9/13/3015/6166406/9-13-3015.pdf}
}
%% --------------------------------------------------------------------------- B

@article{Bado_2006,
author = {Bado, Vincent Boubie and Bationo, A and Cescas, M.P},
year = {2006},
month = {11},
pages = {171--176},
title = {{Assessment of cowpea and groundnut contributions to soil fertility and succeeding sorghum yields in the Guinean savannah zone of Burkina Faso (West Africa)}},
volume = {43},
journal = {Biology and Fertility of Soils}
}

@phdthesis{BARRO_KONDOMBO_2010,
  title={Diversités agro-morphologique et génétique de variétés locales de Sorgho},
  author={Barro-Kondombo, Clarisse Pulchérie},
 OPTurl={http://agritrop.cirad.fr/cgi/export/eprint/564903/DC/agritrop-eprint-564903.txt},
  year={2010},
  school = {Universit{\'{e}} de Ouagadougou},
  type = {Th{\`{e}}se de doctorat},
  OPTpublisher={Université de Ouagadougou},
  pages = {135}
}

@article{BAMBARA_2008,
author={Bambara, D. and Zoundi, J. S. and Tiendrébéogo, J. P},
title={{Association céréale/légumineuse et intégration agriculture-élevage en zone soudano-sahélienne}},
year={2008},
volume= {17},
number = {3},
pages = {297--301},
journal = {Cahiers Agricultures}
}

@article{Barnaud_2008,
  title= {{High outcrossing rates in fields with mixed sorghum landraces: how are landraces maintained?}},
  author={Ad{\'e}line Barnaud and G Trigueros and Doyle B. Mckey and H{\'e}l{\`e}ne I. Joly},
  journal={Heredity},
  year={2008},
  volume={101},
  pages={445--452}
}

@techreport{BUNASOLS_1985,
author={Bunasols},
title={{Etat de connaissance de la fertilité des sols du Burkina faso}},
institution = {Ministère Agriculture et Elevage,Ouagadougou},
year={1985},
number = {1}
}

@article{Burity_1989,
author = {Burity, H. A. and Ta, T. C. and Faris, M. A. and Coulman, B. E.},
title = {Estimation of nitrogen fixation and transfer from alfalfa to
                  associated grasses in mixed swards under field
                  conditions},
journal = {Plant and Soil},
year = {1989},
OPTmonth = {Feb},
volume = {114},
number = {2},
pages = {249--255},
abstract = {Fixation and transfer of nitrogen (N) from alfalfa
                  (Medicago sativa L.) to different grass species
                  including timothy (Phleum pratense L.) and
                  bromegrass (Bromus inermis Leyss) were studied under
                  field conditions, using the 15N dilution technique.},
OPTurl = {https://doi.org/10.1007/BF02220805}
}

@techreport{Berger_1991,
title={{Recherche d’accompagnement projet motorisation intermédiaire}},
author={Berger, M and Dakuo, D and Hien, V},
year={1991},
institution = {INERA/ Programme coton, Multigr.},
pages = {67}
}

@article{Bedoussac_2010,
  title={{The efficiency of a durum wheat-winter pea intercrop to
                  improve yield and wheat grain protein concentration
                  depends on N availability during early growth}},
  author={Bedoussac, L. and Justes, E},
  journal={Plant and Soil},
  year={2010},
  volume = {330},
  number = {1},
  pages = {19--35}
}

%% --------------------------------------------------------------------------- C

@phdthesis{Clerget_2004,
  title={Le rôle du photopériodisme dans l'élaboration du rendement de trois variétés de sorgho cultivés en Afrique de l'Ouest},
 author={Clerget, B},
 year={2004},
 type = {Th{\`{e}}se de doctorat},
 school={Ina PG France},
 pages = {103}
}


@phdthesis{Chopart_1980,
  title={{Etude au champ des systèmes racinaires des principales cultures pluviales au Sénégal   (arachide-mil-sorgho-riz pluvial)}},
  author={Chopart, J.L},
  year={1980},
  type = {Th{\`{e}}se de doctorat},
  school={Institut National Polytechnique, Toulouse, France}
}
@phdthesis{CorreHellou_2005,
 author = {Corre-Hellou, G},
 title ={{Acquisition de l'azote dans des associations pois-orge (Pisum sativum L.-Hordeum vulgare L.) en relation avec le fonctionnement du peuplement}},
 type = {Th{\`{e}}se de doctorat},
 school ={Université d'Angers, Angers, France},
 pages ={100},
 year = {2005}
}

@book{Champomier_2015,
  title={La metagenomique: Developpements et futures applications},
  author={Champomier-Verges, M.C. and Zagorec, M.},
  isbn={9782759222933},
  series={Savoir faire},
  year={2015},
  publisher={Qu\ae{}},
}

@book{Chantereau_2013,
  title={Le sorgho},
  author={Chantereau, Jacques and Cruz, Jean-François and Ratnadass, Alain and Trouche, Gilles},
  isbn={9782759220618},
  series={Agricultures tropicales en poche},
  year={2013},
  publisher={Éditions Qu\ae{}}
}


@book{Chantereau_1991,
  title={{Le sorgho}},
  author={Chantereau and Nicou},
  address = {France},
  year={1991},
  publisher={Maisonneuve \& Larose},
  pages = {159}
}

@InProceedings{Chantereau_1994,
  author =       {Chantereau, J},
  title =        {{La taxonomie du sorgho}},
  OPTcrossref =  {},
  OPTkey =       {},
  booktitle = {Acte de l'atelier de formation sur les variétés locales de sorgho},
  year =      {1994},
  OPTeditor =    {},
  OPTvolume =    {},
  OPTnumber =    {},
  OPTseries =    {},
  pages =     {17--27},
  month =     {octobre},
  day = {10--14},
  address =   {Bamako, Mali},
  OPTorganization = {},
  OPTpublisher = {},
  OPTnote =      {},
  OPTannote =    {}
}

@article{Chu_2004,
author="Chu, G.X. and Shen, Q.R. and Cao, J.L.",
title={{Nitrogen fixation and N transfer from peanut to rice cultivated in aerobic soil in an intercropping system and its effect on soil N fertility}},
journal="Plant and Soil",
year="2004",
month="Jun",
OPTday="01",
volume="263",
number="1",
pages="17--27",
issn="1573-5036",
OPTdoi="10.1023/B:PLSO.0000047722.49160.9e",
OPTurl="https://doi.org/10.1023/B:PLSO.0000047722.49160.9e"
}
%%--------------------------------------------------------------------------------------D
@article{Dahlberg_2011,
  title={{Assessing sorghum [\emph{Sorghum bicolor} (L) Moench] germplasm for new traits: food, fuels \& unique uses}},
  author={Dahlberg, Jeff and Berenji, Jano{\v{s}} and Sikora, Vladimir and Latkovi\'{c}, Dragana},
  journal={Maydica},
  volume={56},
  number={1750},
  pages={85--92},
  year={2011}
}

@book{Doggett_1988,
  title={Sorghum},
  author={Doggett, Hugh},
  OPTisbn={9780470209844},
 OPTlccn={87022819},
  series={Intermediate Tropical Agriculture Series},
 OPTurl={https://books.google.fr/books?id=2BchAQAAMAAJ},
  year={1988},
  publisher={Longman Scientific \& Technical}
  }

@phdthesis{Drabo_1981,
 author = {Drabo,I},
 title = {{Inheritance of some seed qualities in cowpea (\emph{Vigna unguiculata} L. Walp.)}},
 type = {Master of phylosophy thesis},
 school ={University of Ibadan, Nigeria},
 pages ={146},
 year = {1981}
}

@book{DPSAA_2011,
  author = {DPSAA},
  title={Direction de la Prospective et des Statistiques Agricoles et Alimentaires: Articles de la  Direction des PSAA à des conférences scientifiques},
  address = {Burkina Faso},
  year={2011},
  note = {211}
}

@techreport{DGESS_2017,
title={{Rapport général des résultats définitifs de la campagne agricole 2016/2017 et des perspectives de la situation alimentaire et nutritionnelle}},
author={DGESS},
month = {mars},
year={2017},
institution = {Ministère de l'agriculture et des aménagements hydrauliques: Direction Générale des Etudes et des Statistiques Sectorielles(DGESS)},
pages ={95}
}


@article{DJE_2004,
author = {Djè, Y and Heuertz, Myriam and Ater, Mohammed and Lefèbvre, Claude and Vekemans, Xavier},
year = {2004},
month = {08},
pages = {205--212},
title = {In situ estimation of outcrossing rate in sorghum landraces using microsatellite markers},
volume = {138},
booktitle = {Euphytica},
}

%%----------------------------------------------------------------------------------E

@article{Ellstrand_1983,
author="Ellstrand, N. C. and Foster, K. W.",
title={{Impact of population structure on the apparent outcrossing rate of grain sorghum (Sorghum bicolor)}},
journal="Theoretical and Applied Genetics",
year="1983",
month="Sep",
day="01",
volume="66",
number="3",
pages="323--327",
abstract="Population structure, the physical arrangement of related and unrelated individuals, can have profound effects on the apparent outcrossing rate (                                                                          {\$}{\$}{\backslash}hat t{\$}{\$}                ) in a plant population. However, detailed experimental investigations of the impact of population structure on                                                                           {\$}{\$}{\backslash}hat t{\$}{\$}                 are few. We compared the apparent outcrossing rates of experimental populations of grain sorghum with seed families spatially arranged in stratified and overdispersed treatments. Using alcohol dehydrogenase allozymes as genetic markers,                                                                           {\$}{\$}{\backslash}hat t{\$}{\$}                 was calculated for each of the treatments at two locations over three years. For all six comparisons, the overdispersed treatment yielded significantly larger apparent outcrossing estimates than the stratified treatment. In one case, the difference was over five-fold. Site-specific and time-specific differences were small compared to treatment differences. Whether natural structuring plays a role in altering the effective outcrossing rates of natural populations has been addressed by only a few descriptive studies; structuring effects appear to have an impact in only about half of such studies. The sample is still too small to make any generalizations.",
OPTissn="1432-2242",
OPTdoi="10.1007/BF00251167",
OPTurl="https://doi.org/10.1007/BF00251167"
}
%% --------------------------------------------------------------------------- F

@article{Filee2005,
author = {Filée, Jonathan and Tétart, Françoise and Suttle, Curtis and Krisch, Henry},
year = {2005},
month = {09},
pages = {12471-6},
title = {Filée J, Tetart F, Suttle CA, Krisch HM.. Marine T4-type bacteriophages, a ubiquitous component of the dark matter of the biosphere. Proc Natl Acad Sci USA 102: 12471-12476},
volume = {102},
journal = {Proceedings of the National Academy of Sciences of the United States of America},
doi = {10.1073/pnas.0503404102}
}

@book{food1977introduction,
  title={{Introduction {\`a} la lutte int{\'e}gr{\'e}e contre les ennemis du sorgho}},
  author={Teetes, G.L and Young, W.R and Jotwani, M.G and Miller, F.R and Gilstrap, F.E},
  OPTisbn={9789252008842},
  series={Etude FAO : production v{\'e}g{\'e}tale et protection des plantes},
  OPTurl={https://books.google.fr/books?id=4nP0Gb7gUbgC},
  year={1977},
  publisher={Food and Agriculture Organization of the United Nations (FAO)}
}


@book{FAOICRISAT_1997,
  title={{L'économie mondiale du sorgho et du mil : Faits, Tendances et Perspectives}},
  author={FAO and ICRISAT},
  isbn={92-5-203861-2},
  pages = {66},
 OPTurl={https://www.memoireonline.com/01/14/8569/m_Contribution--l-etude-des-contraintes-de-stockage-des-cereales-mil-mas-sorgho-en-zone-sud-s29.html#toc86},
  year={1997},
  note={FAO,Rome,Italie}
}

%FAO, 1995. Le sorgho et les mils dans la nutrition humaine. Collection FAO: Alimentation et nutrition, NO 27. FAO, Rome, Italie.

@book{FAO_1995,
  title={{Le sorgho et les mils dans la nutrition humaine}},
  author={FAO},
  address = {FAO,Rome,Italie},
  year={1995},
  note = {Collection FAO: Alimentation et nutrition, Numero 27}
}

%FAO, 2007. La situation mondiale de l'alimentation et de l'agriculture. Collection FAO: Agriculture NO38, FAO, Rome, Italie. ISBN 978-92-5-205750-5.

@book{FAO_2007,
  title={{La situation mondiale de l'alimentation et de l'agriculture}},
  author={FAO},
  address = {FAO,Rome,Italie},
  year={2007},
  OPTisbn = "978-92-5-205750-5",
  note = {Collection FAO: Agriculture NO38}
}

@book{Fustec_2009,
  title={{Les associations annuelles céréales-protéagineux : quels potentiels agronomique et environnemental?}},
  author={Fustec, J and Corre-Hellou, G},
  series={Colloque régional ‘Agriculture et Biodiversité},
  year={2009},
  pages = {11--14}
}


@article{Fustec11,
 author = {Fustec, J and Mahieu, S and Fabien, L and Cliquet, J.B},
 title = {{Rhizodéposition azote des légumineuses}},
 journal = {Agriculture durable 2},
 pages = {869--881},
 year = {2011}
}

@article{FARIS_1965,
author = {Faris, G.D},
journal={Canadian Journal of Genetics and Cytology 7},
title={{The origin and evolution of the cultivated forms of Vigna}},
year={1965},
pages={433--452}
}


@phdthesis{FARIS_1963,
author = {Faris, G.D},
title={{Evidence for the West African origin of Vigna sinensis L.Savi}},
type = {Ph.D Dissertation},
school={University of California},
year={1963},
pages={84}
}

@book{Fery,
 author = {Fery, R.L and Singh, S.R and Rachie},
 title ={{The genetics of cowpeas: a review of world literature}},
 booktitle = {Cowpea Research, Production and Utilization},
 publisher = {Singh, S.R and Rachie, K.O.},
 edition = {Chichester, John Wiley AND sons},
 series ={World literature In Cowpea Research,Production and Utilization},
 pages ={25--62},
 year = {1985}
}

%%---------------------------------------------------------------------------------H

@article{Hauggaard_2001,
 author = {Hauggaard-Nielsen, H and Ambus, P. and Jensen, E. S},
 title ={{Les insectes nuisibles et maladies du niébé}},
 year = {2001},
 journal = {Field Crops research},
 volume = {70},
 pages = {101--109}
}

@misc{house85,
 title={{A Guide to Sorghum Breeding Second Edition}},
 author={House, Leland Ralph},
 year={1985},
 publisher={International Crops Research Institute for the Semi-Arid Tropics}
 }
	
%%--------------------------------------------------------------------------------------I

@article{Immelman_2000,
title={{Gathering of grass pollen by solitary bees (Halictidae, Lipotriches) in South Africa}},
author={Immelman, K and Eardley, C},
year={2000},
journal = {Zoosystematics and Evolution},
volume = {76},
number = {2},
pages = {263--268}
}

@book{IITA_2008,
title={{Guide on pesticide use for crop production in Borno State, Nigeria}},
author={Dugje, I.Y and Omogui, L.O and Ekeleme, F. and Kamara, A.Y and Ajeigbe H.},
year={2008},
pages = {15},
note = {Institut International d'Agriculture Tropicale(IITA),Ibadan,Nigeria}
}

@article{INERA_2003,
author = {INERA},
title={{Recherche sur des technologies de lutte contre la désertification au sahel et étude de leur impact agro écologique}},
year={2003},
pages = {91},
note={Departement GRN/SP}
}

%%-------------------------------------------------------------------------------------J

@article{Jensen_1996,
  title={{Grain yield, symbiotic N2 fixation and interspecific competition for inorganic N in peabarley intercrops}},
  author={Jensen, E.S},
  journal={Plant Soil},
  year={1996},
  volume = {182},
  note = {25--38}
}

%%-----------------------------------------------------------------------------------------------K

@PhdThesis{Koulibi_FideleZONGO,
title  = {{Associations légumineuses-céréales dans les agrosystèmes soudano-sahéliens du Burkina Faso}},
 author   = {Zongo, Koulibi Fidèle},
 type  = {Diplome d'ingénieur d'études approfondies},
 school       = {Université polytechnique de Bobo-Dioulasso},
OPTurl   = {https://webcache.googleusercontent.com/search?q=cache:JNDP8d4CMuQJ:https://www6.inra.fr/fabatropimed/content/download/3281/32971/version/1/file/DEA\%2520ZONGO\%25202013.pdf+&cd=4&hl=fr&ct=clnk&gl=fr&client=firefox-b-ab},
 year  = {2013},
 month = {May}
}

%%----------------------------------------------------------------------------------------------L

@article{Lithourgidis_2006,
title = "Forage yield and quality of common vetch mixtures with oat and triticale in two seeding ratios",
journal = "Field Crops Research",
volume = "99",
number = "2",
pages = "106 - 113",
year = "2006",
OPTissn = "0378-4290",
OPTdoi = "https://doi.org/10.1016/j.fcr.2006.03.008",
OPTurl = "http://www.sciencedirect.com/science/article/pii/S0378429006000864",
author = "A.S. Lithourgidis and I.B. Vasilakoglou and K.V. Dhima and C.A. Dordas and M.D. Yiakoulaki",
keywords = "Common vetch, Crude protein, Forage, Growth rate, Intercropping, Oat, Triticale"
}

@article{Lush_1981,
  author = {Lush, W.M and Evans, L.T},
  title ={Domestication and improvement of cowpea Euphytica 30},
  pages ={579--587},
  year = {1981}
 }

@book{LINNE_1763,
 author = {Von Linné, C.},
 title ={{Species Plantarum}},
 volume = {2},
 edition = {Laurent Salvii,Stockholm},
 series ={2},
 year = {1763}

@article{Langyintuo_2003,
title = {{Cowpea supply and demand in West and Central Africa}},
journal = "Field Crops Research",
volume = "82",
number = "2",
pages = "215 - 231",
year = "2003",
note = "Research Highlights of the Bean/Cowpea Collaborative Research Support Program, 1981 - 2002",
OPTissn = "0378-4290",
OPTdoi = "https://doi.org/10.1016/S0378-4290(03)00039-X",
OPTurl = "http://www.sciencedirect.com/science/article/pii/S037842900300039X",
author = "A.S. Langyintuo and J. Lowenberg-DeBoer and M. Faye and D. Lambert and G. Ibro and B. Moussa and A. Kergna and S. Kushwaha and S. Musa and G. Ntoukam",
keywords = "Supply, Demand, Consumer preferences, Grain characteristics, Hedonic price model"
}

%%---------------------------------------------------------------------------------------------M

@book{Marechal_1978,
 author = {Maréchal, R and Mascherpa, J. M and Stainier, F},
 title ={{Etude taxonomique d'un groupe d'espèces des genres Phaseolus et Vigna (Papilionaceae) sur la base de données morphologique et pollinique traitées pour l'analyse informatique}},
 edition = {Boissier},
 year = {1978},
  pages ={1--273}
}

@article{Makoi_2009,
author = {Makoi, Joachim and Ndakidemi, Patrick},
year = {2009},
month = {12},
pages = {664-675},
title = {The agronomic potential of vesicular-arbuscular mycorrhiza (VAM) in cereals–legume mixtures in Africa},
volume = {3},
booktitle = {African Journal of Microbiology Research}
}
%%--------------------------------------------------------------------------------------N
@phdthesis{Ndakidemi_2005,
title = {Nutritional characterization of the rhizosphere of symbiotic cowpea and maize plants P.A in different cropping systems},
author = {Ndakidemi, P.A},
type = {doctoral degree thesis},
school = {Cape Peninsula University of technology, Cape Town, South Africa},
year = {2005},
}

%Ngaido T. (2006) : Quelles politiques pour le développement agricole? Dialogue avec les
%parlementaires: Mettre l’accent sur l’agriculture et la science pour le développement,
%International Food Policy Research Institute(IFPRI).

@techreport{Ngaido_2006,
title={{Quelles politiques pour le développement agricole? Dialogue avec les parlementaires: Mettre l’accent sur l’agriculture et la science pour le développement}},
author={Ngaido, T},
year={2006},
institution={International Food Policy Research Institute(IFPRI)},
}

%%------------------------------------------------------------------------------------------------O

@PhdThesis{Ollitrault_1987,
 title = {{Evaluation génétique des sorghos cultivés (\emph{Sorghum bicolor} L. Moench) par l’analyse conjointe des diversités enzymatique et morpho-physiologique ; relation avec les sorghos sauvages}},
  author= {Ollitrault, P},
  type  = {Th{\`{e}}se de doctorat en science de la vie},
  school= {Université Paris XI-Orsay},
 OPTurl   = {http://catalogue-bibliotheques.cirad.fr/cgi-bin/koha/opac-detail.pl?biblionumber=38822#},
  year  = {1987},
  note= {187},
}

%%-----------------------------------------------------------------------------------------------P

@PhdThesis{Piper_1913,
title = {{The wild prototype of cowpea}},
author = {Piper, C.V},
type = {doctoral degree thesis},
school = {U.S. Department of Agric. Bot. plant Indus. Circ. 124},
year = {1913},
pages = {29--32},
}

@book{Pasquet_1997,
author = {Pasquet, R.S and Baudoin, J.P},
title={{Le niébé, Vigna unguiculata (L.) Walp.ln: L'amélioration des plantes tropicales}},
publisher = {CIRAD-ORSTOM},
year={1997},
address = {Montpellier (France)},
note = {Charrier, A. and Jacquot, M. and Hammom, S. and Nicolas, D.},
pages={483--505},
}

@article{Paquet_2005,
author = {Paquet, Nicolas and Bernadet, Marie and Morin, Halima and Traas, Jan and Dron, Michel and Charon, Celine},
year = {2005},
OPTmonth = {July},
pages = {1605--1614},
title = {{Expression patterns of TEL genes in Poaceae suggest a conserved association with cell differentiation}},
volume = {56},
number = {416},
journal = {Journal of experimental botany},
}

@article{PANA_2003,
author={PANA},
title={{Synthèse des études de vulnérabilité et d’adaptation aux changements climatiques : étude de cas du Burkina Faso. Etapes 3, 4 et 5 du processus NAPA}},
year={2003},
note={Atelier de formation sur les Programmes d’Action Nationaux pour l’Adaptation (PANA) Ouagadougou, Burkina Faso 28 – 31 octobre 2003},
page = {11},
}

@book{PERON_1975,
author = { Zalacain, Victoire. and Peron, Yves, },
title = {{Atlas de la Haute-Volta / sous la direction de Yves Peron, ... Victoire Zalacain, ... ; avec la collaboration de Ouetian Bougnounou, Michel Izard, Colette Jehl, Jean-Claude Leprun, ... [etc.] }},
OPTisbn = { 2852580144 },
publisher = { Editions J.A Paris },
pages = { 47},
year = { 1975 },
OPTtype = { Book },
OPTlanguage = { French },
OPTsubjects = { Burkina Faso -- Description and travel.; Burkina Faso -- Maps. },
OPTlife-dates = { 1975 -  },
OPTcatalogue-url = { https://nla.gov.au/nla.cat-vn697688 },
}

@article{Pedersen_1998,
author = {Pedersen, J.F. and Toy, J.J. and Johnson, B},
year = {1998},
month = {01},
pages = {937--939},
title = {{Natural Outcrossing of Sorghum and Sudangrass in the Central Great Plains}},
volume = {38},
journal = {Crop Science},
}
%%------------------------------------------------------------------------------------Q

@article{Quin_1997,
 author = {Quin, F.M},
 title = {{Advances in Cowpea Research}},
 publisher = {Singh, B. B., Mohan Raj, Dashiell, K. E. et Jackai, L. E. N.},
 journal = {Field crops Research},
 pages = {375},
 year = {1997}
}

@article{QUINBYKARPER_1947,
author = {Quinby, J.R. and Karper, R.E.},
year = {2018},
month = {07},
pages = {295--300},
title = {{The effect of short photoperiod on sorghum varieties and first generation hybrids}},
volume = {75},
journal = {Agric Res.}
}



%%----------------------------------------------------------------------------------------R

@book{Roose_2004,
  author={Roose, E},
  title={La zone soudano-sahélienne (La gestion conservatoire de l’eau, et de la fertilité des sols : une stratégie nouvelle de la lutte antiérosive pour le développement durable)},
  series={sciences et changements planétaires / Sécheresse},
  year={2004}
}

%%----------------------------------------------------------------------------------------S

@article{Staden1979ASO,
  title={A strategy of DNA sequencing employing computer programs.},
  author={Rodger Staden},
  journal={Nucleic acids research},
  year={1979},
  volume={6 7},
  pages={2601-10}
}

@book{sage1998c4,
  title={{C4 Plant Biology}},
  author={Sage, R. F and Monson, R. K},
 OPTisbn={9780080528397},
  series={Physiological Ecology},
 OPTurl={https://books.google.fr/books?id=H7Wv9ZImW-QC},
  year={1998},
  publisher={Elsevier Science}
}

@phdthesis{Sawadogo_2009,
  title  = {{Evaluation de la production du niébé (\emph{Vigna unguiculata} (L.) Walpers) en condition de stress hydrique : contribution au phénotypage et à la section du niébé pour la résistance à la sécheresse}},
  author = {Sawadogo, Alidou},
  type = {Diplome d'ingénieur du développement rural},
  school = {Université polytechnique de Bobo Dioulasso},
 OPTurl  = {http://www.beep.ird.fr/collect/upb/index/assoc/IDR-2009-SAW-EVA/IDR-2009-SAW-EVA.pdf},
  year   = {2009},
  OPTmonth = {Jun}
}

@phdthesis{Steele_1972,
 author = {Steele, W.M},
 title ={Cowpeas in Africa},
 school={UK, University},
 type = {Ph.D Thesis},
 pages ={242},
 year = {1972}
}

@book{Singh_1979,
 author = {Singh, S.R and Allen, O.J},
 title ={Les insectes nuisibles et maladies du niébé},
 volume ={2},
 year = {1979}
}

@misc{SINGH_1997,
  title={Development of cultivars and seed production techniques in sorghum and pearl millet},
 author={Singh, Faujdar and Rai, KN and Reddy, Belum VS and Diwakar, B},
 year={1997},
 publisher={International Crops Research Institute for the Semi-Arid Tropics}
}
	

%Saint-Clair P. M., 1989. Les cultures importantes de l'espace tropical. Tome II : Les cultures vivrières. Quebec, Canada, les entreprises Papyrus, p.1-60.

@book{SaintClair_1989,
  title={Les cultures importantes de l'espace tropical},
  author={Saint Clair, P. M},
  series={Les cultures vivrières},
  volume={Tome II},
  year={1989},
  pages = {1--60},
  note={Quebec, Canada, les entreprises Papyrus}
}

@article{SPCONEDD_2006,
author= {SPCONEDD},
title={{Revue scientifique sur l’état de la dégradation des sols du Burkina Faso. Etude réalisée dans le cadre du programme de gestion durable des terres}},
year={2006},
pages = {16}
}

@book{Schertz_1980,
 author = {Schertz, K. F. and Dalton, L. G.},
 title ={{Sorghum. Hybridization of crop plants}},
 year = {1980},
 edition= {Second edition},
 series = {Am Soc Agron,Crop Science Society of America, Madison, Wisconsin},
 pages = {577--588}
}

@article{Schmidt_2006,
 author = {Schmidt, M and Bothma, G},
 title ={{Risk assessment for transgenic sorghum in africa: Crop-to-crop gene flow in (L.) moench.}},
 journal={Crop science},
 volume = {46},
 pages = {790--798},
 year = {2006}
}

@phdthesis{SEDOGO_1981,
 author = {Sédogo, M. P},
 title ={{Contribution  à  la  valorisation  des  résidus  culturaux  en  sol  ferrugineux et sous climat tropical semi-aride (matière organique du sol et nutrition azotée des cultures}},
 type = {Th{\`{e}}se de docteur Ingénieur},
 school ={Sciences Agronomiques, INPL, Nancy, France},
 year = {1981}
}


@article{SOMENICOU_1983,
 author = {Somé, L and Nicou, R},
 title ={{Etude de l'enracinement du blé au Sourou}},
 year = {1983},
 note = {Rapport IRAT/HVSOMDIAA,Ouagadougou, Haute Volta}
}

@book{SRINIVASA_2013,
 author = {Srinivasa, Rao and P, Ganesh Kumar and C},
 title ={{Characterization of improved sweet sorghum cultivars}},
 year = {2013},
 series = {SpingerBriefs in Agriculture},
 pages = {130}
}


%Singh, F., Rai, K. N., Reddy, B. V. S., Diwakar, B. and (eds.). 1997. Development of cultivars and seed production techniques in sorghum and pearl millet. Training manual. Training and Fellowships Program and Genetic Enhancement Division, ICRISAT Asia Center, India, Patancheru 502 324, Andhra Pradesh, India: International Crops Research Institue for the Semi-Arid Tropics. 118 pp.
%%----------------------------------------------------------------------------------T

 @book{Thiombiano_2000,
 author = {Thiombiano, L},
 title = {Etude de l'importance des facteurs édaphiques et pédo-paysagiques dans le développement de la désertification en zone sahélienne du Burkina Faso},
 type = {Th{\'{e}}se d'Etat},
 volume = {1},
 pages = {209},
 year = {2000}
}

@phdthesis{TIROGO_2017,
   title  = {{Evaluation de la diversité variétale et des pratiques culturales en système
 d’association sorgho/niébé dans les communes de Korsimoro, Boussouma et Guibaré dans le centre-nord(Burkina Faso)}},
 author = {Tirogo, Rassembwendé Hyacinthe},
 type = {Mémoire de fin de cycle: diplome d'ingénieur d'agriculture},
 school = {Centre agricole polyvalent de Matourkou},
 month = {18 octobre},
 year  = {2017}
 }

@article{Traore_2008,
title= {Capitalisation des initiatives sur les bonnes pratiques agricoles au Burkina Faso},
author={Traore, K and Toe, A.M},
year={2008},
note={DVRD/DVP/MAHRH},
pages = {99}
}

@phdthesis{TRAORE_2009,
title = {{Effets des techniques de gestion de la fertilité des sols et sur les systèmes de culture àbase de mil dans la région de Mopti au Mali}},
 author= {Traore,Boureima},
type  = {Th{\`{e}}se de doctorat en écologie appliquée},
school= {Université de Bamako},
 OPTurl   = {https://vtechworks.lib.vt.edu/bitstream/handle/10919/68409/4157_these_Traore_soil_fertility_2009.pdf?sequence=1},
 year  = {2009},
 month = {20 juin}
 }

@article{Tsubo_2005,
 author = {Tsubo, M and Walker, S and Ogindo, H.O},
 title ={{ A simulation model of cereal–legume intercropping systems for semi-arid regions: I. Model development}},
 journal ={Field Crops Research},
 year = {2005}
}

@book{Trenbath_1976,
  title={Plant interaction in mixed crop communities},
  author={Trenbath, B. R.},
  series={Madison American Society of Agronomy},
  year={1976},
  pages = {129--169},
  note = {PAPENDICK, R. I and SANCHES, P. A and TRIPLETT, G. B}
}
%%---------------------------------------------------------------------------------U

%%---------------------------------------------------------------------------------V

@book{Verdcourt_1970,
author={Verdcourt, B},
title = {{Proposal for the retypification of 3910 Dolichos L. by Dolichos trilobus L. pro parte}},
booktitle = {Taxon},
volume = {19},
isbn = {297--298},
year = {1970}
 }

@article{Vanderborght_2001,
author = {Vanderborght, T. and Baudoin, J. P.},
title ={{Niébé: Vigna unguiculata (L.) Walpers.Agriculture en Afrique Tropicale}},
author = {Vanderborght and Baudoin},
title ={{Niébé: \emph{Vigna unguiculata} (L.) Walpers.Agriculture en Afrique Tropicale}},
journal ={DGCI},
year = {2011}
 }
%%---------------------------------------------------------------------------------W

%%---------------------------------------------------------------------------------X

%%---------------------------------------------------------------------------------Y

%%----------------------------------------------------------------------------------Z

@book{ZOMBRE_2006,
  title={{Evolution de l’occupation des terres et localisation des sols nus dans le Centre Nord du Burkina Faso}},
  author={Zombré, N.P},
  OPTseries={Teledetection},
  year={2006},
  edition = {5},
  pages = {285--297}
}

@book{Zougmore_1998,
 author = {Zougmoré, R and Kamboun, F and Outtara, K and Guillobez, S},
 title = {{L'association culturale sorgho niébé pour prévenir le ruissellement et l'érosion dans le Sahel au Burkina Faso}},
booktitle = {Plantes de couvertures en Afrique de l’ouest, une contribution à l’agriculture durable},
 pages = {217--224},
 year = {1998},
 note = {SASSAKAWA 2000}
}
