
@book{Doggett_1988,
  title={Sorghum},
  author={Doggett, H.},
  isbn={9780470209844},
  lccn={87022819},
  series={Intermediate Tropical Agriculture Series},
  url={https://books.google.fr/books?id=2BchAQAAMAAJ},
  year={1988},
  publisher={Longman Scientific \& Technical}
}

@BOOK{Mack_2007,
  TITLE = {Fundamental Principles of Optical Lithography},
  SUBTITLE = {The Science of Microfabrication},
  AUTHOR = {Mack, Chris A},
  YEAR = 2007,
  PUBLISHER = {Wiley},
}



